@book{BishopPRML,
 author = {Bishop, Christopher M.},
 title = {Pattern Recognition and Machine Learning (Information Science and Statistics)},
 year = {2006},
 isbn = {0387310738},
 publisher = {Springer-Verlag New York, Inc.},
 address = {Secaucus, NJ, USA}
} 

@book{MurphyML,
  author = {Murphy, Kevin P.},
  title = {Machine Learning: A Probabilistic Perspective},
  year = {2012},
  isbn = {0262018020, 9780262018029},
  publisher = {The MIT Press},
}

@book{CoverBook,
 author = {T. Cover and J. Thomas},
 title = {Elements of Information Theory},
 year = {2006},
 publisher = {Wiley},
} 

@book{KollerBook,
  author = {Koller and Friedman},
  title = {Probabilistic Graphical Models: Principles and Techniques},
  year = {2009},
  publisher = {The MIT Press},
}

@book{FrancoisBook,
  author = {Francois Chollet},
  title = {Deep Learning with Python},
  year = {2017},
  publisher = {Manning},
}

@book{FederovBook,
  author = {Valerii Federov},
  title = {Theory of Optimal Experiments},
  year = {1972},
  publisher = {Academic Press},
}

@book{DLBook,
  author = {Ian Goodfellow and Yoshua Bengio and Aaron Courville},
  title = {Deep Learning},
  year = {2016},
  publisher = {The MIT Press},
}

@book{SkienaBook,
  author = {Steven Skiena},
  title = {The Algorithm Design Manual},
  year = {2008},
  publisher = {Springer},
}

@incollection{Teh2010a,
Author = {Y. W. Teh},
Booktitle = {Encyclopedia of Machine Learning},
Publisher = {Springer},
Title = {{D}irichlet Processes},
Year = {2010}}
}

@INPROCEEDINGS{teh2005jasa,
  author = {Teh, Y.W. and Jordan, M.I. and Beal, M. J. and Blei, D. M.},
  title = {{H}ierarchical {D}irichlet {P}rocesses},
  year = {2005},
  booktitle ={Journal of the American Statistical Association (JASA)}
}

@InProceedings{wang11a,
  title = 	 {Online Variational Inference for the Hierarchical Dirichlet Process},
  author = 	 {Chong Wang and John Paisley and David Blei},
  booktitle = {Proceedings of the Fourteenth International Conference on Artificial Intelligence and Statistics},
  pages = 	 {752--760},
  year = 	 {2011},
}

@INPROCEEDINGS{dhlin10nips,
   author =	 {Lin, Dahua and Grimson, W.E.L. and J. W. {Fisher~III}},
   year =	 2010,
   title =	 {Construction of Dependent Dirichlet Processes based on Compound Poisson Processes},
   booktitle =	 {Neural Information Processing Systems},
}

@inproceedings{Campbell13_NIPS,
  Author = {Trevor Campbell and Miao Liu and Brian Kulis and Jonathan P. How and Lawrence Carin},
  Title = {Dynamic Clustering via Asymptotics of the Dependent Dirichlet Process},
  Booktitle = {Advances in Neural Information Processing Systems (NIPS)},
  Year = {2013}
}

@INPROCEEDINGS{maceachern99a,
   author =	 {Steven N. MacEachern},
   year =	 1999,
   title =	 {Dependent nonparametric processes},
   booktitle = {Proceedings of the Bayesian Statistical Science Section},
}

@INPROCEEDINGS{sethuraman94,
   author = {Sethuraman, Jayaram},
   booktitle = {Statistica Sinica},
   pages = {639-650},
   title = {A constructive definition of {Dirichlet} priors},
   year = 1994
}

@INPROCEEDINGS{ibp2011,
   author = {Griffiths, Thomas L. and Ghahramani, Zoubin},
   title = {The Indian Buffet Process: An Introduction and Review},
   booktitle = {J. Mach. Learn. Res.},
   year = {2011},
   pages = {1185--1224},
}

@inproceedings{DosMilVan2009a,
   Author =  {F. Doshi and K. T. Miller and J. {Van Gael} and Y. W. Teh},
   Title =   {Variational Inference for the {I}ndian Buffet Process},
   Booktitle =  {Proceedings of the International Conference on 
                Artificial Intelligence and Statistics},
   Volume =  {12},
   Year =   {2009}
}

@inproceedings{VanSaaTeh2008a,
   Author =        {J. {Van Gael} and Y. Saatci and Y. W. Teh and Z. Ghahramani},
   Title =         {Beam Sampling for the Infinite Hidden {M}arkov Model},
   Booktitle =     {Proceedings of the International Conference on Machine Learning},
   Volume =        {25},
   Year =          {2008}
}

@inproceedings{Hoffman2010,
   title = {Online Learning for Latent Dirichlet Allocation},
   author = {Matthew Hoffman and Francis R. Bach and David M. Blei},
   booktitle = {Advances in Neural Information Processing Systems},
   pages = {856--864},
   year = {2010},
}

@inproceedings{deFreitas2002,
   title = {Rao-Blackwellized particle filtering for fault diagnosis},
   author = {Nando de Freitas},
   booktitle = {IEEE Aerospace Conference},
   year = {2002},
}

@inproceedings{SVI2013,
   title = {Stochastic Variational Inference},
   author = {Hoffman, Matthew D. and Blei, David M. and Wang, Chong and Paisley, John},
   booktitle = {Journal of Machine Learning Research},
   year = {2013},
   pages = {1303--1347},
} 

@inproceedings{snoek2012,
  title={Practical bayesian optimization of machine learning algorithms},
  author={Snoek, Jasper and Larochelle, Hugo and Adams, Ryan P},
  booktitle={Advances in neural information processing systems},
  pages={2951--2959},
  year={2012}
}

@inproceedings{He2009,
  title = {Learning from Imbalanced Data},
  author = {He, Haibo and Garcia, Edwardo A.},
  booktitle = {IEEE Trans. on Knowl. and Data Eng.},
  pages = {1263--1284},
  year = {2009},
}

@inproceedings{Settles2009,
  title = {Active Learning Literature Survey},
  author = {B. Settles},
  booktitle = {Computer Sciences Technical Report},
  pages = {1--67},
  year = {2009},
}

@inproceedings{Nemhauser78,
  title = {An Analysis of Approximations for Maximizing Submodular Set Functions},
  author = {G. L. Nemhauser and L. A. Wolsey and M. L. Fisher},
  booktitle = {Mathematical Programming},
  pages = {265--294},
  year = {1978},
}

@inproceedings{Freund97,
  title = {A Decision-Theoretic Generalization of On-Line Learning and an Application to Boosting},
  author = {Freund, Yoav and Schapire, Robert E},
  booktitle = {J. Comput. Syst. Sci.},
  pages = {119--139},
  year = {1997},
}

@inproceedings{Gal2017,
  title = {Deep Bayesian Active Learning with Image Data},
  author = {Y. Gal and R. Islam and Z. Ghahramani},
  booktitle = {arXiv},
  pages = {1--8},
  year = {2017},
}

@inproceedings{Blei2010,
  title = {Supervised Topic Models},
  author = {D. Blei and J. McAuliffe},
  booktitle = {NIPS},
  pages = {1--8},
  year = {2010},
}

@inproceedings{Blei2003,
  title = {Latent Dirichlet Allocation},
  author = {D. Blei and A. Ng and M. Jordan},
  booktitle = {JMLR},
  pages = {993--1022},
  year = {2003},
}

@inproceedings{PyMC2010,
  title = {Py{MC}: Bayesian Stochastic Modelling in Python},
  author = {A. Patil and D. Huard and C. Fonnesbeck},
  booktitle = {Journal of Statistical Software},
  pages = {1--81},
  year = {2010},
}

@inproceedings{Glove2014,
  title = {Glove: Global Vectors for Word Representation},
  author = {J. Pennington and R. Socher and C. Manning},
  booktitle = {EMNLP},
  pages = {1--12},
  year = {2014},
}

@inproceedings{KaggleSentiment,
  title = {Sentiment Analysis of Movie Reviews Dataset},
  author = {Kaggle},
  booktitle = {Kaggle Datasets},
  year = {2015},
}

@inproceedings{PolarityDataset,
  title = {A sentimental education: sentiment analysis using subjectivity summarization based on minimum cuts},
  author = {B. Pang and L. Lee},
  booktitle = {Proceedings of the ACL},
  year = {2004},
}

@inproceedings{Dropout2014,
  title = {Dropout: A Simple Way to Prevent Neural Networks from Overfitting},
  author = {N. Srivastava and G. Hinton and A. Krizhevsky and I. Sutskever and R. Salakhutdinov},
  booktitle = {JMLR},
  pages = {1929--1958},
  year = {2014},
}

@inproceedings{MCDropout2016,
  title = {Dropout as a Bayesian Approximation: Representing Model Uncertainty in Deep Learning},
  author = {Yarin Gal and Zoubin Ghahramani},
  booktitle = {ICML},
  pages = {1--12},
  year = {2016},
}

@inproceedings{word2vec2013,
  title = {Efficient Estimation of Word Representations in Vector Space},
  author = {Tomas Mikolov and Kai Chen and Greg Corrado and Jeffrey Dean},
  booktitle = {arXiv},
  year = {2013},
}

@inproceedings{Gal2016,
  title = {Uncertainty in Deep Learning (PhD Thesis)},
  author = {Yarin Gal},
  booktitle = {arXiv},
  year = {2016},
}

@inproceedings{Olsson2009,
  title = {A literature of active machine learning in the context of natural language processing},
  author = {Fredrik Olsson},
  booktitle = {Technical Report},
  year = {2009},
}

@inproceedings{Lewis1994,
  title = {A sequential algorithm for training text classifiers.},
  author = {David Lewis and William Gale},
  booktitle = {ACM SIGIR},
  year = {1994},
}

@inproceedings{Seung1992,
  title = {Query by committee},
  author = {H. S. Seung and M. Opper and H. Sompolinsky},
  booktitle = {ACM COLT},
  year = {1992},
}

@inproceedings{Scheffer2001,
  title = {Query by committee},
  author = {Tobias Scheffer and Christian Decomain and Stefan Wrobel},
  booktitle = {IDA},
  year = {2001},
}

@inproceedings{Becker2005,
  title = {Optimising Selective Sampling for Bootstrapping Named Entity Recognition},
  author = {Markus Becker and Ben Hachey and Beatrice Alex and Claire Grover},
  booktitle = {ICML},
  year = {2005},
}

@inproceedings{Tong2002,
  title = {Support vector machine active learning with applications to text classification},
  author = {Simon Tong and Daphne Koller},
  booktitle = {JMLR},
  year = {2002},
}

@inproceedings{Ringger2007,
  title = {Active learning for part-of-speech tagging: accelerating corpus annotation},
  author = {Eric Ringger and Peter McClanahan and Robbie Haertel and George Busby and Marc Carmen and James Carroll and Kevin Seppi and Deryle Lonsdale},
  booktitle = {ACL},
  year = {2002},
}

@inproceedings{Becker2005b,
  title = {A two-stage method for active learning of statistical grammars},
  author = {Markus Becker and Miles Osborne},
  booktitle = {ACL},
  year = {2002},
}

@inproceedings{Chaloner1995,
  title = {Bayesian experimental design: a review},
  author = {K. Chaloner and I. Verdinelli},
  booktitle = {Statistical Science},
  year = {1995},
}

@inproceedings{Kraus2008,
  title = {Optimizing Sensing: Theory and Applications},
  author = {Andreas Kraus},
  booktitle = {PhD Thesis},
  year = {2008},
}
